
@Book{zaller1992,
	year = {1992},
	publisher = {Cambridge University Press},
	title = {The Nature and Origins of Mass Opinion},
	author = {Zaller, John}
}

